<record xmlns="http://www.loc.gov/MARC21/slim" xmlns:xsi="http://www.w3.org/2001/XMLSchema-instance" xsi:schemaLocation="http://www.loc.gov/MARC21/slim http://www.loc.gov/standards/marcxml/schema/MARC21slim.xsd"><leader>00037nz   2200037n  4500</leader><controlfield tag="001">DNB|100940986</controlfield><controlfield tag="003">DNB</controlfield><controlfield tag="005">20080405164832.0</controlfield><controlfield tag="008">910104n||aznnnabbn           | aaa    |c</controlfield><datafield ind1=" " ind2=" " tag="035"><subfield code="a">(DE-101)100940986</subfield></datafield><datafield ind1=" " ind2=" " tag="035"><subfield code="a">(DE-588a)100940986</subfield></datafield><datafield ind1=" " ind2=" " tag="040"><subfield code="a">DE-12</subfield><subfield code="b">ger</subfield><subfield code="c">DE-101</subfield><subfield code="e">rakwb</subfield><subfield code="d">0012</subfield></datafield><datafield ind1=" " ind2=" " tag="079"><subfield code="a">p</subfield><subfield code="q">f</subfield><subfield code="q">p</subfield><subfield code="t">12-PMA</subfield><subfield code="t">12-PAN</subfield></datafield><datafield ind1="0" ind2=" " tag="100"><subfield code="a">Eustathius</subfield><subfield code="c">Epiphaniensis</subfield><subfield code="d">5. bzw. 5./6. Jh. n. Chr.</subfield></datafield><datafield ind1="0" ind2=" " tag="400"><subfield code="a">Eustathios</subfield><subfield code="c">von Epiphaneia</subfield><subfield code="d">5. bzw. 5./6. Jh. n. Chr.</subfield></datafield><datafield ind1="0" ind2=" " tag="400"><subfield code="a">Eustathius</subfield><subfield code="c">Syrus</subfield><subfield code="d">5. bzw. 5./6. Jh. n. Chr.</subfield></datafield><datafield ind1="0" ind2=" " tag="400"><subfield code="a">Eustathius</subfield><subfield code="c">Historicus</subfield><subfield code="d">5. bzw. 5./6. Jh. n. Chr.</subfield></datafield><datafield ind1=" " ind2=" " tag="549"><subfield code="w">i</subfield><subfield code="i">Lebensdaten</subfield><subfield code="a">5. bzw. 5./6. Jh. n. Chr.</subfield></datafield><datafield ind1=" " ind2=" " tag="670"><subfield code="a">Tusculum-Lexikon; CSGL</subfield></datafield><datafield ind1=" " ind2=" " tag="996"><subfield code="2">PICA|06963906X</subfield></datafield><datafield ind1=" " ind2=" " tag="996"><subfield code="2">LC|n  92052551</subfield></datafield><datafield ind1=" " ind2=" " tag="996"><subfield code="2">BNE|XX1644978</subfield></datafield><datafield ind1=" " ind2=" " tag="997"><subfield code="a">400 500 flourished</subfield><subfield code="9">1</subfield></datafield></record>